@incollection{Chwaszcza,
title={Menschenrechte und globale Rechtsstruktur},
author={Christine Chwaszcza},
booktitle={Weltrepublik Globalisierung und Demokratie},
year={2002},
editor={Stefan Goespath und Jean-Christophe Merle},
publisher={C.H. Beck},
location={München},
pages={39-51}
}

@book{Brüschweiler,
    title ={Sein und Schein},
    subtitle={Die Dialoge Sophistes und Phaidon},
    author={Anderas Büchweiler},
    year={2016},
    publisher={Königshausen und Neumann},
    address={Würzburg}
}

@book{Höffe99,
author={Ottfried Höffe},
title={Demokratie und Zeitalter der Globalisierung},
location={München},
year={1999}
}

@book{Höffe2001,
title={Königliche Völker},
author={Ottfried Höffe},
subtitle={Zu Kants kosmopolitischer Rechts- und Friedenstheorie},
location={Frankfurt am Main},
year={2001}
}

@incollection{Höffe2002,
  author         = {Ottfried Höffe},
  booktitle      = {Weltrepublik Globalisierung und Demokratie},
  publisher      = {Gosepath Stefan und Jean-Christophe Merle},
  title          = {Erwiderung},
  year           = {2002},
  pages          = {266-281}
}

@book{Reder,
  author         = {Michael Reder},
  editor         = {},
  publisher      = {},
  title          = {Global Governance},
  subtitle       = {Philosophische Modell der Weltrepublik},
  year           = {2006},
  location       = {Darmstadt}
}

@book{Sarfranski2003,
  author         = {Rüdiger Sarfranski},
  editor         = {},
  publisher      = {},
  title          = {Wie viel Globalisierung verträgt der Mensch?},
  year           = {2003},
  location       = {München/Wien}
}

@article{Steiger,
  author          = {Heinard Steiger},
  journal         = {Der Staat},
  number          = {2},
  title           = {Berichte und Kritik. Brauchen wir eine Weltrepublik},
  volume          = {Vol. 42},
  year            = {2003},
  publisher       = {Duncker und Humbolt}
}

@book{Wallisch,
  author         = {Robert Wallisch},
  editor         = {},
  publisher      = {Phoibos Verlag},
  title          = {Die letzte denkbare Einheit},
  subtitle       = {Platons vorsokratische Ontologie},
  year           = {1995},
  location       = {Wien}
}
@book{Vogel,
  author         = {C.J. de Vogel},
  editor         = {Leiden E.J. Brill},
  publisher      = {},
  title          = {Rethinking Plato and Platonism},
  year           = {1986}
}

@book{Hirschberger,
  author         = {Johannes Hirschberger},
  editor         = {},
  publisher      = {Komet Verlag},
  title          = {Geschichte der Philosophie},
  subtitle       = {Band I: Altertum und Mittelalter},
  edition        = {12},
  year           = {1980}
}

@book{Perls,
  author         = {Hugo Perls},
  editor         = {},
  publisher      = {Francke Verlag},
  title          = {Lexikon der Platonischen Begriffe},
  year           = {1973},
  location       = {Bern und München}
}

@inbook{Staudacher,
  author         = {Peter Staudacher},
  editor         = {Christian Schäfer},
  publisher      = {WGB},
  booksubtitle   = {Platon-Lexikon Begriffswörterbuch zu Platon und der platonischen Tradition},
  title          = {Dialektik (dialektê)},
  year           = {2007},
  location       = {Darmstadt},
  pages          = {81-87}
}

@inbook{ThurnerDualismus,
  author         = {Martin Thurner},
  editor         = {Christian Schäfer},
  publisher      = {WGB},
  booksubtitle   = {Platon-Lexikon Begriffswörterbuch zu Platon und der platonischen Tradition},
  title          = {Dualismus (Leib-Seele-Verhältnis)},
  year           = {2007},
  location       = {Darmstadt},
  pages          = {99-101}
}

@inbook{Cürsgen,
  author         = {Dirk Cürsgen},
  editor         = {Christian Schäfer},
  publisher      = {WGB},
  booksubtitle   = {Platon-Lexikon Begriffswörterbuch zu Platon und der platonischen Tradition},
  title          = {Eine, das(hen); Eines/Vieles},
  year           = {2007},
  location       = {Darmstadt},
  pages          = {102-105}
}

@inbook{SchäferIdeen,
  author         = {Christian Schäfer},
  editor         = {Christian Schäfer},
  publisher      = {WGB},
  booksubtitle   = {Platon-Lexikon Begriffswörterbuch zu Platon und der platonischen Tradition},
  title          = {Idee/Form/Gestalt/Wesen (idea, eidos, morphê, paradeigma)},
  year           = {2007},
  location       = {Darmstadt},
  pages          = {157-165}
}

@inbook{SchäferSeinsstufen,
  author         = {Christian Schäfer},
  editor         = {Christian Schäfer},
  publisher      = {WGB},
  booksubtitle   = {Platon-Lexikon Begriffswörterbuch zu Platon und der platonischen Tradition},
  title          = {Seinsstufen/ontologische Hierarchisierung},
  year           = {2007},
  location       = {Darmstadt},
  pages          = {262-265}
}

@inbook{ThurnerTrennung,
  author         = {Martin Thurner},
  editor         = {Christian Schäfer},
  publisher      = {WGB},
  booksubtitle   = {Platon-Lexikon Begriffswörterbuch zu Platon und der platonischen Tradition},
  title          = {Trennung (chôrismos)},
  year           = {2007},
  location       = {Darmstadt},
  pages          = {282-285}
}

@inbook{Bordt,
  author         = {Michael Bordt SJ},
  editor         = {Christian Schäfer},
  publisher      = {WGB},
  booksubtitle   = {Platon-Lexikon Begriffswörterbuch zu Platon und der platonischen Tradition},
  title          = {Weltseele (psychê tu pantos)},
  year           = {2007},
  location       = {Darmstadt},
  pages          = {320-322}
}

@book{Sturm,
  author         = {Hans P. Sturm},
  publisher      = {Edition Verstehen},
  title          = {Alt-Akademische Erledigung der okzidentalen Metaphysik},
  subtitle   = {Widerspiegelung des Geistes II/4},
  year           = {2018}
}

@book{Sahakian,
  author         = {William S. Sahakian, Mabel Lewis Sahakian},
  editor         = {},
  publisher      = {Twayne},
  title          = {Plato},
  year           = {1977}
}

@inbook{StrobelOntologie,
  author         = {Benedikt Strobel},
  editor         = {Christoph Horn, Jörn Müller, Joachim Söder},
  pages          = {135-146},
  publisher      = {J.B. Metzler},
  title          = {Ontologie},
  booksubtitle   = {Platon Handbuch. Leben-Werk-Wirkung},
  year           = {2017},
  location       = {Stuttgart},
  edition        = {2}
}
@inbook{StrobelIdee,
  author         = {Benedikt Strobel},
  editor         = {Christoph Horn, Jörn Müller, Joachim Söder},
  pages          = {295-302},
  publisher      = {J.B. Metzler},
  title          = {Idee/Ideenkritik/Dritter Mensch},
  booksubtitle   = {Platon Handbuch. Leben-Werk-Wirkung},
  year           = {2017},
  location       = {Stuttgart},
  edition        = {2}
}
@inbook{StrobelTranszendenz,
  author         = {Benedikt Strobel},
  editor         = {et. al, Christoph Horn},
  pages          = {347-352},
  publisher      = {J.B. Metzler},
  title          = {Transzendenz},
  booksubtitle   = {Platon Handbuch. Leben-Werk-Wirkung},
  year           = {2017},
  location       = {Stuttgart},
  edition        = {2}
}
@inbook{HalfwassenGeistmetaphysik,
  author         = {Jens Halfwassen},
  editor         = {Thomas Alexander Szlezák},
  pages          = {47-66},
  publisher      = {Georg Olms Verlag},
  booksubtitle   = {Platonisches Philosophieren},
  title          = {Der Ursprung der Geistmetaphysik},
  year           = {2001},
  location       = {Hildesheim Zürich New York},
  volume        = {82}
}
@inbook{HalfwassenMonismusDualismus,
  author         = {Jens Halfwassen},
  editor         = {Thomas Alexander Szlezák},
  pages          = {67-85},
  publisher      = {Georg Olms Verlag},
  booksubtitle   = {Platonisches Philosophieren},
  title          = {Monismus und Dualismus in Platons Prinzipienlehre},
  year           = {2001},
  location       = {Hildesheim Zürich New York},
  volume        = {82}
}

@inbook{Migliori,
  author         = {Maurizio Migliori},
  editor         = {Thomas Alexander Szlezák},
  pages          = {109-154},
  publisher      = {Georg Olms Verlag},
  booksubtitle   = {Platonisches Philosophieren},
  title          = {Dialektik und Prinzipientheorie in Platos >Parmenides< und >Philebos<},
  year           = {2001},
  location       = {Hildesheim Zürich New York},
  volume        = {82},
  translator     = {K.-H. Stanzel}
}

@book{Martin73,
  author         = {Gottfried Martin},
  editor         = {},
  publisher      = {Walter de Gruyter},
  title          = {Platons Ideenlehre},
  year           = {1973},
  location       = {Berlin-New York}
}

@book{Kutschera,
  title={Platons Philosophie},
  author={von Kutschera, Franz},
  number={Bd. 2},
  series={Platons Philosophie},
  year={2002},
  publisher={Mentis}
}

@book{Krämer1964Geistmetaphysik,
  title={Der Ursprung Der Geistmetaphysik: Untersuchungen Zur Geschichte Des Platonismus Zwischen Platon und Plotin},
  author={Krämer, H.J.},
  year={1964},
  publisher={Schippers}
}

@book{DisseMetaphysik,
  author         = {Jörg Disse},
  publisher      = {WBG Darmstadt},
  title          = {Kleine Geschichte der abendländischen Metaphyisk},
  subtitle       = {Von Platon bis Hegel},
  year           = {2007},
  edition        = {3}
}
@book{halfwassen2015spuren,
  title={Auf den Spuren des Einen: Studien zur Metaphysik und ihrer Geschichte},
  author={Halfwassen, Jens},
  series={Collegium Metaphysicum},
  year={2015},
  publisher={Mohr Siebeck}
}
@article{Burgin,
author = {Burgin, Mark},
year = {2018},
pages = {161-182},
title = {Ideas of Plato in the Context of Contemporary Science and Mathematics},
volume = {4},
journal = {Athens Journal of Humanities and Arts}
}

@book{Gigon75,
  author         = {Gigon, Olof and Zimmermann, Lilian},
  editor         = {Olof Gigon},
  publisher      = {Artemis},
  title          = {Platon Lexikon der Namen und Begriffe},
  year           = {1975},
  location       = {Zürich und München}
}
@book{politeia,
  author = {Friedrich Schleiermacher},
  title = {Politeia},
  year = {2017},
  note = {Ergänzt durch Willhelm Wiegand}, 
  publisher = {Markgöningen: Edition Opera-Platonis},
  editor         = {Haller Rudolf},
  url            = {https://d-nb.info/1140876724/34}
}
@book{Parmenides,
  author         = {Friedrich Schleiermacher},
  editor         = {Karlheinz Hülser},
  publisher      = {Insel},
  title          = {Platon Sophistes Politikos},
  subtitle       = {Sämtliche Werke VII Parmenides Sophistes Politikos Giechisch Deusch},
  year           = {1991},
  location       = {Frankfurt am Main und Leipzig},
  note           = {Ergänzt durch Übersetzungen von Franz Susemihl}
}
@book{halfwassenaufstieg2006,
  author         = {Jens Halfwassen},
  editor         = {},
  publisher      = {K.G. Saur},
  title          = {Der Aufstieg zum Einen},
  year           = {2006},
  location       = {München Leipzig},
  edition        = {Zweite, um einen Forschungsbericht erweiterte Auflage}
}
@misc{MuskTruthGPTFokus,
author = {},
title = {Elon Musk: „ChatGPT lügt“ - jetzt kündigt er „TruthGPT“ an - Digital - FOCUS online},
howpublished = {\url{https://www.focus.de/digital/elon-musk-chatgpt-luegt-jetzt-kuendigt-er-truthgpt-an_id_191445063.html}},
month = {},
year = {},
note = {(Abruf: 25.04.2023)}
}

@misc{MuskTruthGPTReuters,
author = {Hyunjoo Jin and Sehila Dang},
title = {Elon Musk says he will launch rival to Microsoft-backed ChatGPT | Reuters},
howpublished = {\url{https://www.reuters.com/technology/musk-says-he-will-start-truthgpt-or-maximum-truth-seeking-ai-fox-news-2023-04-17/}},
month = {},
year = {},
note = {(Abruf 25.04.2023)}
}
